<collection xmlns="http://www.loc.gov/MARC21/slim">
<record>
  <leader>00302nam0a22000851i 450 </leader>
  <controlfield tag="001">IT\ICCU\CNCE\066937</controlfield>
  <controlfield tag="005">20060919000000.0</controlfield>
  <datafield tag="100" ind1=" " ind2=" ">
    <subfield code="a">20060907             0itac0103    ba</subfield>
  </datafield>
  <datafield tag="200" ind1="1" ind2=" ">
    <subfield code="a">R.P.F. Philippi Diez Lusitani, ... Summa praedicantium, ex omnibus locis communis locupletiss. : Tomus quintus</subfield>
  </datafield>
  <datafield tag="801" ind1=" " ind2="3">
    <subfield code="a">IT</subfield>
    <subfield code="b">ICCU</subfield>
    <subfield code="c">20201115</subfield>
  </datafield>
</record>
</collection>
